@meet {toplanti,
author = {Emre Mustafa ORHAN},
title = {Öğrenci İşleri kafesinin sahibiyle uygulama hakkında düşünceler konuşuldu. İhtiyaçlara göre çözümler üretildi , ilham alındı.},
year ={2022},
month = {November},
address = {Denizli / TURKEY},
}



